% !TEX root = main.tex
@MISC{lee2009julius,
    author = {Akinobu Lee and Tatsuya Kawahara},
    title = {Recent Development of Open-Source Speech Recognition Engine Julius},
    year = {}
}

@ONLINE{Doe:2009:Online,
author = {Doe, Ringo},
title = {This is a test entry of type {@ONLINE}},
month = jun,
year = {2009},
url = {http://www.test.org/doe/}
}

@ARTICLE{young94htk,
    author = {s.j. young and sj young},
    title = {The HTK Hidden Markov Model Toolkit: Design and Philosophy},
    journal = {Entropic Cambridge Research Laboratory, Ltd},
    year = {1994},
    volume = {2},
    pages = {2--44}
}

@INPROCEEDINGS{povey2011kaldi,
         author = {Povey, Daniel and Ghoshal, Arnab and Boulianne, Gilles and Burget, Lukas and Glembek, Ondrej and Goel, Nagendra and Hannemann, Mirko and Motlicek, Petr and Qian, Yanmin and Schwarz, Petr and Silovsky, Jan and Stemmer, Georg and Vesely, Karel},
       keywords = {ASR, Automatic Speech Recognition, GMM, HTK, SGMM},
          month = dec,
          title = {The Kaldi Speech Recognition Toolkit},
      booktitle = {IEEE 2011 Workshop on Automatic Speech Recognition and Understanding},
           year = {2011},
      publisher = {IEEE Signal Processing Society},
       location = {Hilton Waikoloa Village, Big Island, Hawaii, US},
           note = {IEEE Catalog No.: CFP11SRW-USB},
}
